<record><leader>00000cas a22000007a 4500</leader><controlfield tag="001">22738012</controlfield><controlfield tag="008">901126d193219uucouuu ne      0    0eng d</controlfield><datafield ind1=" " ind2=" " tag="010"><subfield code="a">sn 90051978 </subfield></datafield><datafield ind1=" " ind2=" " tag="040"><subfield code="a">CNQ</subfield><subfield code="b">eng</subfield><subfield code="c">CNQ</subfield><subfield code="d">OCLCQ</subfield></datafield><datafield ind1=" " ind2=" " tag="042"><subfield code="a">msc</subfield></datafield><datafield ind1="0" ind2=" " tag="130"><subfield code="a">Liberty press (Englewood, Colo.)</subfield></datafield><datafield ind1="1" ind2="4" tag="245"><subfield code="a">The liberty press.</subfield></datafield><datafield ind1=" " ind2=" " tag="260"><subfield code="a">Englewood, Arapahoe County, Colo. :</subfield><subfield code="b">Arapahoe Printers</subfield></datafield><datafield ind1=" " ind2=" " tag="300"><subfield code="a">v.</subfield></datafield><datafield ind1="1" ind2=" " tag="362"><subfield code="a">Began in 1932.</subfield></datafield><datafield ind1=" " ind2=" " tag="588"><subfield code="a">Description based on: Vol. 1, no. 6 (Sept. 8, 1932).</subfield></datafield><datafield ind1=" " ind2=" " tag="752"><subfield code="a">United States</subfield><subfield code="b">Colorado</subfield><subfield code="c">Arapahoe</subfield><subfield code="d">Englewood.</subfield></datafield></record>